%YAML 1.1
%TAG !u! tag:unity3d.com,2011:
--- !u!29 &1
OcclusionCullingSettings:
  m_ObjectHideFlags: 0
  serializedVersion: 2
  m_OcclusionBakeSettings:
    smallestOccluder: 5
    smallestHole: 0.25
    backfaceThreshold: 100
  m_SceneGUID: 00000000000000000000000000000000
  m_OcclusionCullingData: {fileID: 0}
--- !u!104 &2
RenderSettings:
  m_ObjectHideFlags: 0
  serializedVersion: 9
  m_Fog: 0
  m_FogColor: {r: 0.5, g: 0.5, b: 0.5, a: 1}
  m_FogMode: 3
  m_FogDensity: 0.01
  m_LinearFogStart: 0
  m_LinearFogEnd: 300
  m_AmbientSkyColor: {r: 0.212, g: 0.227, b: 0.259, a: 1}
  m_AmbientEquatorColor: {r: 0.114, g: 0.125, b: 0.133, a: 1}
  m_AmbientGroundColor: {r: 0.047, g: 0.043, b: 0.035, a: 1}
  m_AmbientIntensity: 1
  m_AmbientMode: 3
  m_SubtractiveShadowColor: {r: 0.42, g: 0.478, b: 0.627, a: 1}
  m_SkyboxMaterial: {fileID: 0}
  m_HaloStrength: 0.5
  m_FlareStrength: 1
  m_FlareFadeSpeed: 3
  m_HaloTexture: {fileID: 0}
  m_SpotCookie: {fileID: 10001, guid: 0000000000000000e000000000000000, type: 0}
  m_DefaultReflectionMode: 0
  m_DefaultReflectionResolution: 128
  m_ReflectionBounces: 1
  m_ReflectionIntensity: 1
  m_CustomReflection: {fileID: 0}
  m_Sun: {fileID: 0}
  m_IndirectSpecularColor: {r: 0, g: 0, b: 0, a: 1}
  m_UseRadianceAmbientProbe: 0
--- !u!157 &3
LightmapSettings:
  m_ObjectHideFlags: 0
  serializedVersion: 12
  m_GIWorkflowMode: 1
  m_GISettings:
    serializedVersion: 2
    m_BounceScale: 1
    m_IndirectOutputScale: 1
    m_AlbedoBoost: 1
    m_EnvironmentLightingMode: 0
    m_EnableBakedLightmaps: 0
    m_EnableRealtimeLightmaps: 0
  m_LightmapEditorSettings:
    serializedVersion: 12
    m_Resolution: 2
    m_BakeResolution: 40
    m_AtlasSize: 1024
    m_AO: 0
    m_AOMaxDistance: 1
    m_CompAOExponent: 1
    m_CompAOExponentDirect: 0
    m_ExtractAmbientOcclusion: 0
    m_Padding: 2
    m_LightmapParameters: {fileID: 0}
    m_LightmapsBakeMode: 1
    m_TextureCompression: 1
    m_FinalGather: 0
    m_FinalGatherFiltering: 1
    m_FinalGatherRayCount: 256
    m_ReflectionCompression: 2
    m_MixedBakeMode: 2
    m_BakeBackend: 0
    m_PVRSampling: 1
    m_PVRDirectSampleCount: 32
    m_PVRSampleCount: 500
    m_PVRBounces: 2
    m_PVREnvironmentSampleCount: 500
    m_PVREnvironmentReferencePointCount: 2048
    m_PVRFilteringMode: 2
    m_PVRDenoiserTypeDirect: 0
    m_PVRDenoiserTypeIndirect: 0
    m_PVRDenoiserTypeAO: 0
    m_PVRFilterTypeDirect: 0
    m_PVRFilterTypeIndirect: 0
    m_PVRFilterTypeAO: 0
    m_PVREnvironmentMIS: 0
    m_PVRCulling: 1
    m_PVRFilteringGaussRadiusDirect: 1
    m_PVRFilteringGaussRadiusIndirect: 5
    m_PVRFilteringGaussRadiusAO: 2
    m_PVRFilteringAtrousPositionSigmaDirect: 0.5
    m_PVRFilteringAtrousPositionSigmaIndirect: 2
    m_PVRFilteringAtrousPositionSigmaAO: 1
    m_ExportTrainingData: 0
    m_TrainingDataDestination: TrainingData
    m_LightProbeSampleCountMultiplier: 4
  m_LightingDataAsset: {fileID: 0}
  m_LightingSettings: {fileID: 4890085278179872738, guid: 8819dabc2021a0a4f9b6dad148d93dd3, type: 2}
--- !u!196 &4
NavMeshSettings:
  serializedVersion: 2
  m_ObjectHideFlags: 0
  m_BuildSettings:
    serializedVersion: 2
    agentTypeID: 0
    agentRadius: 0.5
    agentHeight: 2
    agentSlope: 45
    agentClimb: 0.4
    ledgeDropHeight: 0
    maxJumpAcrossDistance: 0
    minRegionArea: 2
    manualCellSize: 0
    cellSize: 0.16666667
    manualTileSize: 0
    tileSize: 256
    accuratePlacement: 0
    maxJobWorkers: 0
    preserveTilesOutsideBounds: 0
    debug:
      m_Flags: 0
  m_NavMeshData: {fileID: 0}
--- !u!1001 &127879210
PrefabInstance:
  m_ObjectHideFlags: 0
  serializedVersion: 2
  m_Modification:
    m_TransformParent: {fileID: 0}
    m_Modifications:
    - target: {fileID: 4625605660298713464, guid: a4002caed37e5194ca52c9cab1c2f41d, type: 3}
      propertyPath: m_RootOrder
      value: 2
      objectReference: {fileID: 0}
    - target: {fileID: 4625605660298713464, guid: a4002caed37e5194ca52c9cab1c2f41d, type: 3}
      propertyPath: m_LocalPosition.x
      value: 15.149671
      objectReference: {fileID: 0}
    - target: {fileID: 4625605660298713464, guid: a4002caed37e5194ca52c9cab1c2f41d, type: 3}
      propertyPath: m_LocalPosition.y
      value: 3.82
      objectReference: {fileID: 0}
    - target: {fileID: 4625605660298713464, guid: a4002caed37e5194ca52c9cab1c2f41d, type: 3}
      propertyPath: m_LocalPosition.z
      value: 0
      objectReference: {fileID: 0}
    - target: {fileID: 4625605660298713464, guid: a4002caed37e5194ca52c9cab1c2f41d, type: 3}
      propertyPath: m_LocalRotation.w
      value: 1
      objectReference: {fileID: 0}
    - target: {fileID: 4625605660298713464, guid: a4002caed37e5194ca52c9cab1c2f41d, type: 3}
      propertyPath: m_LocalRotation.x
      value: 0
      objectReference: {fileID: 0}
    - target: {fileID: 4625605660298713464, guid: a4002caed37e5194ca52c9cab1c2f41d, type: 3}
      propertyPath: m_LocalRotation.y
      value: 0
      objectReference: {fileID: 0}
    - target: {fileID: 4625605660298713464, guid: a4002caed37e5194ca52c9cab1c2f41d, type: 3}
      propertyPath: m_LocalRotation.z
      value: 0
      objectReference: {fileID: 0}
    - target: {fileID: 4625605660298713464, guid: a4002caed37e5194ca52c9cab1c2f41d, type: 3}
      propertyPath: m_LocalEulerAnglesHint.x
      value: 0
      objectReference: {fileID: 0}
    - target: {fileID: 4625605660298713464, guid: a4002caed37e5194ca52c9cab1c2f41d, type: 3}
      propertyPath: m_LocalEulerAnglesHint.y
      value: 0
      objectReference: {fileID: 0}
    - target: {fileID: 4625605660298713464, guid: a4002caed37e5194ca52c9cab1c2f41d, type: 3}
      propertyPath: m_LocalEulerAnglesHint.z
      value: 0
      objectReference: {fileID: 0}
    - target: {fileID: 4625605660298713467, guid: a4002caed37e5194ca52c9cab1c2f41d, type: 3}
      propertyPath: m_Name
      value: Bullet POWERUP
      objectReference: {fileID: 0}
    m_RemovedComponents: []
  m_SourcePrefab: {fileID: 100100000, guid: a4002caed37e5194ca52c9cab1c2f41d, type: 3}
--- !u!1001 &197878487
PrefabInstance:
  m_ObjectHideFlags: 0
  serializedVersion: 2
  m_Modification:
    m_TransformParent: {fileID: 428477070}
    m_Modifications:
    - target: {fileID: 1369664336951714, guid: a7aa1a0389616d547a34e34827992b7c, type: 3}
      propertyPath: m_Name
      value: T
      objectReference: {fileID: 0}
    - target: {fileID: 4098633534712488, guid: a7aa1a0389616d547a34e34827992b7c, type: 3}
      propertyPath: m_RootOrder
      value: 2
      objectReference: {fileID: 0}
    - target: {fileID: 4098633534712488, guid: a7aa1a0389616d547a34e34827992b7c, type: 3}
      propertyPath: m_LocalPosition.x
      value: 25.169971
      objectReference: {fileID: 0}
    - target: {fileID: 4098633534712488, guid: a7aa1a0389616d547a34e34827992b7c, type: 3}
      propertyPath: m_LocalPosition.y
      value: -17.746685
      objectReference: {fileID: 0}
    - target: {fileID: 4098633534712488, guid: a7aa1a0389616d547a34e34827992b7c, type: 3}
      propertyPath: m_LocalPosition.z
      value: 534.55646
      objectReference: {fileID: 0}
    - target: {fileID: 4098633534712488, guid: a7aa1a0389616d547a34e34827992b7c, type: 3}
      propertyPath: m_LocalRotation.w
      value: 0.7071068
      objectReference: {fileID: 0}
    - target: {fileID: 4098633534712488, guid: a7aa1a0389616d547a34e34827992b7c, type: 3}
      propertyPath: m_LocalRotation.x
      value: -0
      objectReference: {fileID: 0}
    - target: {fileID: 4098633534712488, guid: a7aa1a0389616d547a34e34827992b7c, type: 3}
      propertyPath: m_LocalRotation.y
      value: -0
      objectReference: {fileID: 0}
    - target: {fileID: 4098633534712488, guid: a7aa1a0389616d547a34e34827992b7c, type: 3}
      propertyPath: m_LocalRotation.z
      value: -0.7071068
      objectReference: {fileID: 0}
    - target: {fileID: 4098633534712488, guid: a7aa1a0389616d547a34e34827992b7c, type: 3}
      propertyPath: m_LocalEulerAnglesHint.x
      value: 0
      objectReference: {fileID: 0}
    - target: {fileID: 4098633534712488, guid: a7aa1a0389616d547a34e34827992b7c, type: 3}
      propertyPath: m_LocalEulerAnglesHint.y
      value: 0
      objectReference: {fileID: 0}
    - target: {fileID: 4098633534712488, guid: a7aa1a0389616d547a34e34827992b7c, type: 3}
      propertyPath: m_LocalEulerAnglesHint.z
      value: -90
      objectReference: {fileID: 0}
    - target: {fileID: 114625621426209174, guid: a7aa1a0389616d547a34e34827992b7c, type: 3}
      propertyPath: boss
      value: 
      objectReference: {fileID: 1770866508842170823, guid: 73e3a2e17f83bd74c8745003c9659940, type: 3}
    - target: {fileID: 114625621426209174, guid: a7aa1a0389616d547a34e34827992b7c, type: 3}
      propertyPath: isBossRoom
      value: 1
      objectReference: {fileID: 0}
    m_RemovedComponents: []
  m_SourcePrefab: {fileID: 100100000, guid: a7aa1a0389616d547a34e34827992b7c, type: 3}
--- !u!4 &197878488 stripped
Transform:
  m_CorrespondingSourceObject: {fileID: 4098633534712488, guid: a7aa1a0389616d547a34e34827992b7c, type: 3}
  m_PrefabInstance: {fileID: 197878487}
  m_PrefabAsset: {fileID: 0}
--- !u!1001 &348025900
PrefabInstance:
  m_ObjectHideFlags: 0
  serializedVersion: 2
  m_Modification:
    m_TransformParent: {fileID: 0}
    m_Modifications:
    - target: {fileID: 5637520581296796145, guid: 5cffb961da6be214db9ae9e4661f3b12, type: 3}
      propertyPath: m_RootOrder
      value: 1
      objectReference: {fileID: 0}
    - target: {fileID: 5637520581296796145, guid: 5cffb961da6be214db9ae9e4661f3b12, type: 3}
      propertyPath: m_LocalPosition.x
      value: 25.064
      objectReference: {fileID: 0}
    - target: {fileID: 5637520581296796145, guid: 5cffb961da6be214db9ae9e4661f3b12, type: 3}
      propertyPath: m_LocalPosition.y
      value: -5.652
      objectReference: {fileID: 0}
    - target: {fileID: 5637520581296796145, guid: 5cffb961da6be214db9ae9e4661f3b12, type: 3}
      propertyPath: m_LocalPosition.z
      value: 0
      objectReference: {fileID: 0}
    - target: {fileID: 5637520581296796145, guid: 5cffb961da6be214db9ae9e4661f3b12, type: 3}
      propertyPath: m_LocalRotation.w
      value: 1
      objectReference: {fileID: 0}
    - target: {fileID: 5637520581296796145, guid: 5cffb961da6be214db9ae9e4661f3b12, type: 3}
      propertyPath: m_LocalRotation.x
      value: 0
      objectReference: {fileID: 0}
    - target: {fileID: 5637520581296796145, guid: 5cffb961da6be214db9ae9e4661f3b12, type: 3}
      propertyPath: m_LocalRotation.y
      value: 0
      objectReference: {fileID: 0}
    - target: {fileID: 5637520581296796145, guid: 5cffb961da6be214db9ae9e4661f3b12, type: 3}
      propertyPath: m_LocalRotation.z
      value: 0
      objectReference: {fileID: 0}
    - target: {fileID: 5637520581296796145, guid: 5cffb961da6be214db9ae9e4661f3b12, type: 3}
      propertyPath: m_LocalEulerAnglesHint.x
      value: 0
      objectReference: {fileID: 0}
    - target: {fileID: 5637520581296796145, guid: 5cffb961da6be214db9ae9e4661f3b12, type: 3}
      propertyPath: m_LocalEulerAnglesHint.y
      value: 0
      objectReference: {fileID: 0}
    - target: {fileID: 5637520581296796145, guid: 5cffb961da6be214db9ae9e4661f3b12, type: 3}
      propertyPath: m_LocalEulerAnglesHint.z
      value: 0
      objectReference: {fileID: 0}
    - target: {fileID: 5637520581296796146, guid: 5cffb961da6be214db9ae9e4661f3b12, type: 3}
      propertyPath: m_Name
      value: Speed POWERUP
      objectReference: {fileID: 0}
    m_RemovedComponents: []
  m_SourcePrefab: {fileID: 100100000, guid: 5cffb961da6be214db9ae9e4661f3b12, type: 3}
--- !u!1 &428477069
GameObject:
  m_ObjectHideFlags: 0
  m_CorrespondingSourceObject: {fileID: 0}
  m_PrefabInstance: {fileID: 0}
  m_PrefabAsset: {fileID: 0}
  serializedVersion: 6
  m_Component:
  - component: {fileID: 428477070}
  m_Layer: 0
  m_Name: Rooms
  m_TagString: Rooms
  m_Icon: {fileID: 0}
  m_NavMeshLayer: 0
  m_StaticEditorFlags: 0
  m_IsActive: 1
--- !u!4 &428477070
Transform:
  m_ObjectHideFlags: 0
  m_CorrespondingSourceObject: {fileID: 0}
  m_PrefabInstance: {fileID: 0}
  m_PrefabAsset: {fileID: 0}
  m_GameObject: {fileID: 428477069}
  m_LocalRotation: {x: 0, y: 0, z: 0, w: 1}
  m_LocalPosition: {x: 9.830029, y: 2.7466857, z: -534.55646}
  m_LocalScale: {x: 1, y: 1, z: 1}
  m_Children:
  - {fileID: 1485335100}
  - {fileID: 2101227789}
  - {fileID: 197878488}
  - {fileID: 1299531706}
  - {fileID: 1196891739}
  - {fileID: 857663904}
  - {fileID: 1905194012}
  - {fileID: 431548819}
  - {fileID: 1600050579}
  - {fileID: 1901254719}
  - {fileID: 1856069805}
  - {fileID: 890970703}
  m_Father: {fileID: 0}
  m_RootOrder: 9
  m_LocalEulerAnglesHint: {x: 0, y: 0, z: 0}
--- !u!1001 &431548818
PrefabInstance:
  m_ObjectHideFlags: 0
  serializedVersion: 2
  m_Modification:
    m_TransformParent: {fileID: 428477070}
    m_Modifications:
    - target: {fileID: 1914693036162022, guid: 2105902a5b9497f4f8e6debf227ac138, type: 3}
      propertyPath: m_Name
      value: B
      objectReference: {fileID: 0}
    - target: {fileID: 4186792774406478, guid: 2105902a5b9497f4f8e6debf227ac138, type: 3}
      propertyPath: m_RootOrder
      value: 7
      objectReference: {fileID: 0}
    - target: {fileID: 4186792774406478, guid: 2105902a5b9497f4f8e6debf227ac138, type: 3}
      propertyPath: m_LocalPosition.x
      value: -4.8300285
      objectReference: {fileID: 0}
    - target: {fileID: 4186792774406478, guid: 2105902a5b9497f4f8e6debf227ac138, type: 3}
      propertyPath: m_LocalPosition.y
      value: 12.253314
      objectReference: {fileID: 0}
    - target: {fileID: 4186792774406478, guid: 2105902a5b9497f4f8e6debf227ac138, type: 3}
      propertyPath: m_LocalPosition.z
      value: 534.55646
      objectReference: {fileID: 0}
    - target: {fileID: 4186792774406478, guid: 2105902a5b9497f4f8e6debf227ac138, type: 3}
      propertyPath: m_LocalRotation.w
      value: 0.7071068
      objectReference: {fileID: 0}
    - target: {fileID: 4186792774406478, guid: 2105902a5b9497f4f8e6debf227ac138, type: 3}
      propertyPath: m_LocalRotation.x
      value: -0
      objectReference: {fileID: 0}
    - target: {fileID: 4186792774406478, guid: 2105902a5b9497f4f8e6debf227ac138, type: 3}
      propertyPath: m_LocalRotation.y
      value: -0
      objectReference: {fileID: 0}
    - target: {fileID: 4186792774406478, guid: 2105902a5b9497f4f8e6debf227ac138, type: 3}
      propertyPath: m_LocalRotation.z
      value: 0.7071068
      objectReference: {fileID: 0}
    - target: {fileID: 4186792774406478, guid: 2105902a5b9497f4f8e6debf227ac138, type: 3}
      propertyPath: m_LocalEulerAnglesHint.x
      value: 0
      objectReference: {fileID: 0}
    - target: {fileID: 4186792774406478, guid: 2105902a5b9497f4f8e6debf227ac138, type: 3}
      propertyPath: m_LocalEulerAnglesHint.y
      value: 0
      objectReference: {fileID: 0}
    - target: {fileID: 4186792774406478, guid: 2105902a5b9497f4f8e6debf227ac138, type: 3}
      propertyPath: m_LocalEulerAnglesHint.z
      value: 90
      objectReference: {fileID: 0}
    m_RemovedComponents: []
  m_SourcePrefab: {fileID: 100100000, guid: 2105902a5b9497f4f8e6debf227ac138, type: 3}
--- !u!4 &431548819 stripped
Transform:
  m_CorrespondingSourceObject: {fileID: 4186792774406478, guid: 2105902a5b9497f4f8e6debf227ac138, type: 3}
  m_PrefabInstance: {fileID: 431548818}
  m_PrefabAsset: {fileID: 0}
--- !u!1001 &857663903
PrefabInstance:
  m_ObjectHideFlags: 0
  serializedVersion: 2
  m_Modification:
    m_TransformParent: {fileID: 428477070}
    m_Modifications:
    - target: {fileID: 1144202486990382, guid: 96cbb82819b10f14eb4a551f8048e96c, type: 3}
      propertyPath: m_Name
      value: LB
      objectReference: {fileID: 0}
    - target: {fileID: 4138568750343560, guid: 96cbb82819b10f14eb4a551f8048e96c, type: 3}
      propertyPath: m_RootOrder
      value: 5
      objectReference: {fileID: 0}
    - target: {fileID: 4138568750343560, guid: 96cbb82819b10f14eb4a551f8048e96c, type: 3}
      propertyPath: m_LocalPosition.x
      value: 25.169971
      objectReference: {fileID: 0}
    - target: {fileID: 4138568750343560, guid: 96cbb82819b10f14eb4a551f8048e96c, type: 3}
      propertyPath: m_LocalPosition.y
      value: -7.746686
      objectReference: {fileID: 0}
    - target: {fileID: 4138568750343560, guid: 96cbb82819b10f14eb4a551f8048e96c, type: 3}
      propertyPath: m_LocalPosition.z
      value: 534.55646
      objectReference: {fileID: 0}
    - target: {fileID: 4138568750343560, guid: 96cbb82819b10f14eb4a551f8048e96c, type: 3}
      propertyPath: m_LocalRotation.w
      value: -0.7071068
      objectReference: {fileID: 0}
    - target: {fileID: 4138568750343560, guid: 96cbb82819b10f14eb4a551f8048e96c, type: 3}
      propertyPath: m_LocalRotation.x
      value: -0
      objectReference: {fileID: 0}
    - target: {fileID: 4138568750343560, guid: 96cbb82819b10f14eb4a551f8048e96c, type: 3}
      propertyPath: m_LocalRotation.y
      value: -0
      objectReference: {fileID: 0}
    - target: {fileID: 4138568750343560, guid: 96cbb82819b10f14eb4a551f8048e96c, type: 3}
      propertyPath: m_LocalRotation.z
      value: -0.7071068
      objectReference: {fileID: 0}
    - target: {fileID: 4138568750343560, guid: 96cbb82819b10f14eb4a551f8048e96c, type: 3}
      propertyPath: m_LocalEulerAnglesHint.x
      value: 0
      objectReference: {fileID: 0}
    - target: {fileID: 4138568750343560, guid: 96cbb82819b10f14eb4a551f8048e96c, type: 3}
      propertyPath: m_LocalEulerAnglesHint.y
      value: 0
      objectReference: {fileID: 0}
    - target: {fileID: 4138568750343560, guid: 96cbb82819b10f14eb4a551f8048e96c, type: 3}
      propertyPath: m_LocalEulerAnglesHint.z
      value: -270
      objectReference: {fileID: 0}
    m_RemovedComponents: []
  m_SourcePrefab: {fileID: 100100000, guid: 96cbb82819b10f14eb4a551f8048e96c, type: 3}
--- !u!4 &857663904 stripped
Transform:
  m_CorrespondingSourceObject: {fileID: 4138568750343560, guid: 96cbb82819b10f14eb4a551f8048e96c, type: 3}
  m_PrefabInstance: {fileID: 857663903}
  m_PrefabAsset: {fileID: 0}
--- !u!1001 &890970702
PrefabInstance:
  m_ObjectHideFlags: 0
  serializedVersion: 2
  m_Modification:
    m_TransformParent: {fileID: 428477070}
    m_Modifications:
    - target: {fileID: 1369664336951714, guid: a7aa1a0389616d547a34e34827992b7c, type: 3}
      propertyPath: m_Name
      value: T (1)
      objectReference: {fileID: 0}
    - target: {fileID: 4098633534712488, guid: a7aa1a0389616d547a34e34827992b7c, type: 3}
      propertyPath: m_RootOrder
      value: 11
      objectReference: {fileID: 0}
    - target: {fileID: 4098633534712488, guid: a7aa1a0389616d547a34e34827992b7c, type: 3}
      propertyPath: m_LocalPosition.x
      value: -34.83003
      objectReference: {fileID: 0}
    - target: {fileID: 4098633534712488, guid: a7aa1a0389616d547a34e34827992b7c, type: 3}
      propertyPath: m_LocalPosition.y
      value: -7.746686
      objectReference: {fileID: 0}
    - target: {fileID: 4098633534712488, guid: a7aa1a0389616d547a34e34827992b7c, type: 3}
      propertyPath: m_LocalPosition.z
      value: 534.55646
      objectReference: {fileID: 0}
    - target: {fileID: 4098633534712488, guid: a7aa1a0389616d547a34e34827992b7c, type: 3}
      propertyPath: m_LocalRotation.w
      value: 0.7071068
      objectReference: {fileID: 0}
    - target: {fileID: 4098633534712488, guid: a7aa1a0389616d547a34e34827992b7c, type: 3}
      propertyPath: m_LocalRotation.x
      value: -0
      objectReference: {fileID: 0}
    - target: {fileID: 4098633534712488, guid: a7aa1a0389616d547a34e34827992b7c, type: 3}
      propertyPath: m_LocalRotation.y
      value: -0
      objectReference: {fileID: 0}
    - target: {fileID: 4098633534712488, guid: a7aa1a0389616d547a34e34827992b7c, type: 3}
      propertyPath: m_LocalRotation.z
      value: -0.7071068
      objectReference: {fileID: 0}
    - target: {fileID: 4098633534712488, guid: a7aa1a0389616d547a34e34827992b7c, type: 3}
      propertyPath: m_LocalEulerAnglesHint.x
      value: 0
      objectReference: {fileID: 0}
    - target: {fileID: 4098633534712488, guid: a7aa1a0389616d547a34e34827992b7c, type: 3}
      propertyPath: m_LocalEulerAnglesHint.y
      value: 0
      objectReference: {fileID: 0}
    - target: {fileID: 4098633534712488, guid: a7aa1a0389616d547a34e34827992b7c, type: 3}
      propertyPath: m_LocalEulerAnglesHint.z
      value: -90
      objectReference: {fileID: 0}
    - target: {fileID: 114625621426209174, guid: a7aa1a0389616d547a34e34827992b7c, type: 3}
      propertyPath: hasNoEnemies
      value: 1
      objectReference: {fileID: 0}
    m_RemovedComponents: []
  m_SourcePrefab: {fileID: 100100000, guid: a7aa1a0389616d547a34e34827992b7c, type: 3}
--- !u!4 &890970703 stripped
Transform:
  m_CorrespondingSourceObject: {fileID: 4098633534712488, guid: a7aa1a0389616d547a34e34827992b7c, type: 3}
  m_PrefabInstance: {fileID: 890970702}
  m_PrefabAsset: {fileID: 0}
--- !u!1001 &1074841722
PrefabInstance:
  m_ObjectHideFlags: 0
  serializedVersion: 2
  m_Modification:
    m_TransformParent: {fileID: 0}
    m_Modifications:
    - target: {fileID: 8128321808370780788, guid: b88e1968b34dbb44aa5075eff6253370, type: 3}
      propertyPath: m_Name
      value: Music
      objectReference: {fileID: 0}
    - target: {fileID: 8128321808370780790, guid: b88e1968b34dbb44aa5075eff6253370, type: 3}
      propertyPath: m_RootOrder
      value: 11
      objectReference: {fileID: 0}
    - target: {fileID: 8128321808370780790, guid: b88e1968b34dbb44aa5075eff6253370, type: 3}
      propertyPath: m_LocalPosition.x
      value: 24.283327
      objectReference: {fileID: 0}
    - target: {fileID: 8128321808370780790, guid: b88e1968b34dbb44aa5075eff6253370, type: 3}
      propertyPath: m_LocalPosition.y
      value: 9.533294
      objectReference: {fileID: 0}
    - target: {fileID: 8128321808370780790, guid: b88e1968b34dbb44aa5075eff6253370, type: 3}
      propertyPath: m_LocalPosition.z
      value: -875.9138
      objectReference: {fileID: 0}
    - target: {fileID: 8128321808370780790, guid: b88e1968b34dbb44aa5075eff6253370, type: 3}
      propertyPath: m_LocalRotation.w
      value: 1
      objectReference: {fileID: 0}
    - target: {fileID: 8128321808370780790, guid: b88e1968b34dbb44aa5075eff6253370, type: 3}
      propertyPath: m_LocalRotation.x
      value: 0
      objectReference: {fileID: 0}
    - target: {fileID: 8128321808370780790, guid: b88e1968b34dbb44aa5075eff6253370, type: 3}
      propertyPath: m_LocalRotation.y
      value: 0
      objectReference: {fileID: 0}
    - target: {fileID: 8128321808370780790, guid: b88e1968b34dbb44aa5075eff6253370, type: 3}
      propertyPath: m_LocalRotation.z
      value: 0
      objectReference: {fileID: 0}
    - target: {fileID: 8128321808370780790, guid: b88e1968b34dbb44aa5075eff6253370, type: 3}
      propertyPath: m_LocalEulerAnglesHint.x
      value: 0
      objectReference: {fileID: 0}
    - target: {fileID: 8128321808370780790, guid: b88e1968b34dbb44aa5075eff6253370, type: 3}
      propertyPath: m_LocalEulerAnglesHint.y
      value: 0
      objectReference: {fileID: 0}
    - target: {fileID: 8128321808370780790, guid: b88e1968b34dbb44aa5075eff6253370, type: 3}
      propertyPath: m_LocalEulerAnglesHint.z
      value: 0
      objectReference: {fileID: 0}
    m_RemovedComponents: []
  m_SourcePrefab: {fileID: 100100000, guid: b88e1968b34dbb44aa5075eff6253370, type: 3}
--- !u!1001 &1196891738
PrefabInstance:
  m_ObjectHideFlags: 0
  serializedVersion: 2
  m_Modification:
    m_TransformParent: {fileID: 428477070}
    m_Modifications:
    - target: {fileID: 1982205314345556, guid: c9518fddab9921444b82e86f3d8a9eec, type: 3}
      propertyPath: m_Name
      value: LR
      objectReference: {fileID: 0}
    - target: {fileID: 4308900632172778, guid: c9518fddab9921444b82e86f3d8a9eec, type: 3}
      propertyPath: m_RootOrder
      value: 4
      objectReference: {fileID: 0}
    - target: {fileID: 4308900632172778, guid: c9518fddab9921444b82e86f3d8a9eec, type: 3}
      propertyPath: m_LocalPosition.x
      value: 5.1699715
      objectReference: {fileID: 0}
    - target: {fileID: 4308900632172778, guid: c9518fddab9921444b82e86f3d8a9eec, type: 3}
      propertyPath: m_LocalPosition.y
      value: -7.746686
      objectReference: {fileID: 0}
    - target: {fileID: 4308900632172778, guid: c9518fddab9921444b82e86f3d8a9eec, type: 3}
      propertyPath: m_LocalPosition.z
      value: 534.55646
      objectReference: {fileID: 0}
    - target: {fileID: 4308900632172778, guid: c9518fddab9921444b82e86f3d8a9eec, type: 3}
      propertyPath: m_LocalRotation.w
      value: 1
      objectReference: {fileID: 0}
    - target: {fileID: 4308900632172778, guid: c9518fddab9921444b82e86f3d8a9eec, type: 3}
      propertyPath: m_LocalRotation.x
      value: -0
      objectReference: {fileID: 0}
    - target: {fileID: 4308900632172778, guid: c9518fddab9921444b82e86f3d8a9eec, type: 3}
      propertyPath: m_LocalRotation.y
      value: -0
      objectReference: {fileID: 0}
    - target: {fileID: 4308900632172778, guid: c9518fddab9921444b82e86f3d8a9eec, type: 3}
      propertyPath: m_LocalRotation.z
      value: -0
      objectReference: {fileID: 0}
    - target: {fileID: 4308900632172778, guid: c9518fddab9921444b82e86f3d8a9eec, type: 3}
      propertyPath: m_LocalEulerAnglesHint.x
      value: 0
      objectReference: {fileID: 0}
    - target: {fileID: 4308900632172778, guid: c9518fddab9921444b82e86f3d8a9eec, type: 3}
      propertyPath: m_LocalEulerAnglesHint.y
      value: 0
      objectReference: {fileID: 0}
    - target: {fileID: 4308900632172778, guid: c9518fddab9921444b82e86f3d8a9eec, type: 3}
      propertyPath: m_LocalEulerAnglesHint.z
      value: 0
      objectReference: {fileID: 0}
    m_RemovedComponents: []
  m_SourcePrefab: {fileID: 100100000, guid: c9518fddab9921444b82e86f3d8a9eec, type: 3}
--- !u!4 &1196891739 stripped
Transform:
  m_CorrespondingSourceObject: {fileID: 4308900632172778, guid: c9518fddab9921444b82e86f3d8a9eec, type: 3}
  m_PrefabInstance: {fileID: 1196891738}
  m_PrefabAsset: {fileID: 0}
--- !u!1001 &1299531705
PrefabInstance:
  m_ObjectHideFlags: 0
  serializedVersion: 2
  m_Modification:
    m_TransformParent: {fileID: 428477070}
    m_Modifications:
    - target: {fileID: 1633850058292698, guid: b3f2b155bf508e94cacdaa0c831817ee, type: 3}
      propertyPath: m_Name
      value: RB
      objectReference: {fileID: 0}
    - target: {fileID: 4675656065730260, guid: b3f2b155bf508e94cacdaa0c831817ee, type: 3}
      propertyPath: m_RootOrder
      value: 3
      objectReference: {fileID: 0}
    - target: {fileID: 4675656065730260, guid: b3f2b155bf508e94cacdaa0c831817ee, type: 3}
      propertyPath: m_LocalPosition.x
      value: -34.83003
      objectReference: {fileID: 0}
    - target: {fileID: 4675656065730260, guid: b3f2b155bf508e94cacdaa0c831817ee, type: 3}
      propertyPath: m_LocalPosition.y
      value: 2.2533143
      objectReference: {fileID: 0}
    - target: {fileID: 4675656065730260, guid: b3f2b155bf508e94cacdaa0c831817ee, type: 3}
      propertyPath: m_LocalPosition.z
      value: 534.55646
      objectReference: {fileID: 0}
    - target: {fileID: 4675656065730260, guid: b3f2b155bf508e94cacdaa0c831817ee, type: 3}
      propertyPath: m_LocalRotation.w
      value: 0
      objectReference: {fileID: 0}
    - target: {fileID: 4675656065730260, guid: b3f2b155bf508e94cacdaa0c831817ee, type: 3}
      propertyPath: m_LocalRotation.x
      value: -0
      objectReference: {fileID: 0}
    - target: {fileID: 4675656065730260, guid: b3f2b155bf508e94cacdaa0c831817ee, type: 3}
      propertyPath: m_LocalRotation.y
      value: -0
      objectReference: {fileID: 0}
    - target: {fileID: 4675656065730260, guid: b3f2b155bf508e94cacdaa0c831817ee, type: 3}
      propertyPath: m_LocalRotation.z
      value: -1
      objectReference: {fileID: 0}
    - target: {fileID: 4675656065730260, guid: b3f2b155bf508e94cacdaa0c831817ee, type: 3}
      propertyPath: m_LocalEulerAnglesHint.x
      value: 0
      objectReference: {fileID: 0}
    - target: {fileID: 4675656065730260, guid: b3f2b155bf508e94cacdaa0c831817ee, type: 3}
      propertyPath: m_LocalEulerAnglesHint.y
      value: 0
      objectReference: {fileID: 0}
    - target: {fileID: 4675656065730260, guid: b3f2b155bf508e94cacdaa0c831817ee, type: 3}
      propertyPath: m_LocalEulerAnglesHint.z
      value: -180
      objectReference: {fileID: 0}
    m_RemovedComponents: []
  m_SourcePrefab: {fileID: 100100000, guid: b3f2b155bf508e94cacdaa0c831817ee, type: 3}
--- !u!4 &1299531706 stripped
Transform:
  m_CorrespondingSourceObject: {fileID: 4675656065730260, guid: b3f2b155bf508e94cacdaa0c831817ee, type: 3}
  m_PrefabInstance: {fileID: 1299531705}
  m_PrefabAsset: {fileID: 0}
--- !u!1001 &1390849928
PrefabInstance:
  m_ObjectHideFlags: 0
  serializedVersion: 2
  m_Modification:
    m_TransformParent: {fileID: 428477070}
    m_Modifications:
    - target: {fileID: 1384366362914734, guid: 10c65f0c164d2e04e9c3daf97304609a, type: 3}
      propertyPath: m_Name
      value: Entry Room
      objectReference: {fileID: 0}
    - target: {fileID: 4284646200961232, guid: 10c65f0c164d2e04e9c3daf97304609a, type: 3}
      propertyPath: m_RootOrder
      value: 0
      objectReference: {fileID: 0}
    - target: {fileID: 4284646200961232, guid: 10c65f0c164d2e04e9c3daf97304609a, type: 3}
      propertyPath: m_LocalPosition.x
      value: -4.8300285
      objectReference: {fileID: 0}
    - target: {fileID: 4284646200961232, guid: 10c65f0c164d2e04e9c3daf97304609a, type: 3}
      propertyPath: m_LocalPosition.y
      value: 2.2533143
      objectReference: {fileID: 0}
    - target: {fileID: 4284646200961232, guid: 10c65f0c164d2e04e9c3daf97304609a, type: 3}
      propertyPath: m_LocalPosition.z
      value: 534.55646
      objectReference: {fileID: 0}
    - target: {fileID: 4284646200961232, guid: 10c65f0c164d2e04e9c3daf97304609a, type: 3}
      propertyPath: m_LocalRotation.w
      value: 1
      objectReference: {fileID: 0}
    - target: {fileID: 4284646200961232, guid: 10c65f0c164d2e04e9c3daf97304609a, type: 3}
      propertyPath: m_LocalRotation.x
      value: -0
      objectReference: {fileID: 0}
    - target: {fileID: 4284646200961232, guid: 10c65f0c164d2e04e9c3daf97304609a, type: 3}
      propertyPath: m_LocalRotation.y
      value: -0
      objectReference: {fileID: 0}
    - target: {fileID: 4284646200961232, guid: 10c65f0c164d2e04e9c3daf97304609a, type: 3}
      propertyPath: m_LocalRotation.z
      value: -0
      objectReference: {fileID: 0}
    - target: {fileID: 4284646200961232, guid: 10c65f0c164d2e04e9c3daf97304609a, type: 3}
      propertyPath: m_LocalEulerAnglesHint.x
      value: 0
      objectReference: {fileID: 0}
    - target: {fileID: 4284646200961232, guid: 10c65f0c164d2e04e9c3daf97304609a, type: 3}
      propertyPath: m_LocalEulerAnglesHint.y
      value: 0
      objectReference: {fileID: 0}
    - target: {fileID: 4284646200961232, guid: 10c65f0c164d2e04e9c3daf97304609a, type: 3}
      propertyPath: m_LocalEulerAnglesHint.z
      value: 0
      objectReference: {fileID: 0}
    m_RemovedComponents: []
  m_SourcePrefab: {fileID: 100100000, guid: 10c65f0c164d2e04e9c3daf97304609a, type: 3}
--- !u!4 &1485335100 stripped
Transform:
  m_CorrespondingSourceObject: {fileID: 4284646200961232, guid: 10c65f0c164d2e04e9c3daf97304609a, type: 3}
  m_PrefabInstance: {fileID: 1390849928}
  m_PrefabAsset: {fileID: 0}
--- !u!4 &1552293345 stripped
Transform:
  m_CorrespondingSourceObject: {fileID: 8221835770522714392, guid: ef5f1992e3de268438e37335eed386c8, type: 3}
  m_PrefabInstance: {fileID: 8221835769239395526}
  m_PrefabAsset: {fileID: 0}
--- !u!1001 &1600050578
PrefabInstance:
  m_ObjectHideFlags: 0
  serializedVersion: 2
  m_Modification:
    m_TransformParent: {fileID: 428477070}
    m_Modifications:
    - target: {fileID: 1982205314345556, guid: c9518fddab9921444b82e86f3d8a9eec, type: 3}
      propertyPath: m_Name
      value: LR (1)
      objectReference: {fileID: 0}
    - target: {fileID: 4308900632172778, guid: c9518fddab9921444b82e86f3d8a9eec, type: 3}
      propertyPath: m_RootOrder
      value: 8
      objectReference: {fileID: 0}
    - target: {fileID: 4308900632172778, guid: c9518fddab9921444b82e86f3d8a9eec, type: 3}
      propertyPath: m_LocalPosition.x
      value: 15.169971
      objectReference: {fileID: 0}
    - target: {fileID: 4308900632172778, guid: c9518fddab9921444b82e86f3d8a9eec, type: 3}
      propertyPath: m_LocalPosition.y
      value: -7.746686
      objectReference: {fileID: 0}
    - target: {fileID: 4308900632172778, guid: c9518fddab9921444b82e86f3d8a9eec, type: 3}
      propertyPath: m_LocalPosition.z
      value: 534.55646
      objectReference: {fileID: 0}
    - target: {fileID: 4308900632172778, guid: c9518fddab9921444b82e86f3d8a9eec, type: 3}
      propertyPath: m_LocalRotation.w
      value: 1
      objectReference: {fileID: 0}
    - target: {fileID: 4308900632172778, guid: c9518fddab9921444b82e86f3d8a9eec, type: 3}
      propertyPath: m_LocalRotation.x
      value: -0
      objectReference: {fileID: 0}
    - target: {fileID: 4308900632172778, guid: c9518fddab9921444b82e86f3d8a9eec, type: 3}
      propertyPath: m_LocalRotation.y
      value: -0
      objectReference: {fileID: 0}
    - target: {fileID: 4308900632172778, guid: c9518fddab9921444b82e86f3d8a9eec, type: 3}
      propertyPath: m_LocalRotation.z
      value: -0
      objectReference: {fileID: 0}
    - target: {fileID: 4308900632172778, guid: c9518fddab9921444b82e86f3d8a9eec, type: 3}
      propertyPath: m_LocalEulerAnglesHint.x
      value: 0
      objectReference: {fileID: 0}
    - target: {fileID: 4308900632172778, guid: c9518fddab9921444b82e86f3d8a9eec, type: 3}
      propertyPath: m_LocalEulerAnglesHint.y
      value: 0
      objectReference: {fileID: 0}
    - target: {fileID: 4308900632172778, guid: c9518fddab9921444b82e86f3d8a9eec, type: 3}
      propertyPath: m_LocalEulerAnglesHint.z
      value: 0
      objectReference: {fileID: 0}
    - target: {fileID: 114649445130249852, guid: c9518fddab9921444b82e86f3d8a9eec, type: 3}
      propertyPath: hasNoEnemies
      value: 1
      objectReference: {fileID: 0}
    m_RemovedComponents: []
  m_SourcePrefab: {fileID: 100100000, guid: c9518fddab9921444b82e86f3d8a9eec, type: 3}
--- !u!4 &1600050579 stripped
Transform:
  m_CorrespondingSourceObject: {fileID: 4308900632172778, guid: c9518fddab9921444b82e86f3d8a9eec, type: 3}
  m_PrefabInstance: {fileID: 1600050578}
  m_PrefabAsset: {fileID: 0}
--- !u!1001 &1856069804
PrefabInstance:
  m_ObjectHideFlags: 0
  serializedVersion: 2
  m_Modification:
    m_TransformParent: {fileID: 428477070}
    m_Modifications:
    - target: {fileID: 1982205314345556, guid: c9518fddab9921444b82e86f3d8a9eec, type: 3}
      propertyPath: m_Name
      value: LR (3)
      objectReference: {fileID: 0}
    - target: {fileID: 4308900632172778, guid: c9518fddab9921444b82e86f3d8a9eec, type: 3}
      propertyPath: m_RootOrder
      value: 10
      objectReference: {fileID: 0}
    - target: {fileID: 4308900632172778, guid: c9518fddab9921444b82e86f3d8a9eec, type: 3}
      propertyPath: m_LocalPosition.x
      value: -24.830029
      objectReference: {fileID: 0}
    - target: {fileID: 4308900632172778, guid: c9518fddab9921444b82e86f3d8a9eec, type: 3}
      propertyPath: m_LocalPosition.y
      value: 2.2533143
      objectReference: {fileID: 0}
    - target: {fileID: 4308900632172778, guid: c9518fddab9921444b82e86f3d8a9eec, type: 3}
      propertyPath: m_LocalPosition.z
      value: 534.55646
      objectReference: {fileID: 0}
    - target: {fileID: 4308900632172778, guid: c9518fddab9921444b82e86f3d8a9eec, type: 3}
      propertyPath: m_LocalRotation.w
      value: 1
      objectReference: {fileID: 0}
    - target: {fileID: 4308900632172778, guid: c9518fddab9921444b82e86f3d8a9eec, type: 3}
      propertyPath: m_LocalRotation.x
      value: -0
      objectReference: {fileID: 0}
    - target: {fileID: 4308900632172778, guid: c9518fddab9921444b82e86f3d8a9eec, type: 3}
      propertyPath: m_LocalRotation.y
      value: -0
      objectReference: {fileID: 0}
    - target: {fileID: 4308900632172778, guid: c9518fddab9921444b82e86f3d8a9eec, type: 3}
      propertyPath: m_LocalRotation.z
      value: -0
      objectReference: {fileID: 0}
    - target: {fileID: 4308900632172778, guid: c9518fddab9921444b82e86f3d8a9eec, type: 3}
      propertyPath: m_LocalEulerAnglesHint.x
      value: 0
      objectReference: {fileID: 0}
    - target: {fileID: 4308900632172778, guid: c9518fddab9921444b82e86f3d8a9eec, type: 3}
      propertyPath: m_LocalEulerAnglesHint.y
      value: 0
      objectReference: {fileID: 0}
    - target: {fileID: 4308900632172778, guid: c9518fddab9921444b82e86f3d8a9eec, type: 3}
      propertyPath: m_LocalEulerAnglesHint.z
      value: 0
      objectReference: {fileID: 0}
    m_RemovedComponents: []
  m_SourcePrefab: {fileID: 100100000, guid: c9518fddab9921444b82e86f3d8a9eec, type: 3}
--- !u!4 &1856069805 stripped
Transform:
  m_CorrespondingSourceObject: {fileID: 4308900632172778, guid: c9518fddab9921444b82e86f3d8a9eec, type: 3}
  m_PrefabInstance: {fileID: 1856069804}
  m_PrefabAsset: {fileID: 0}
--- !u!1001 &1901254718
PrefabInstance:
  m_ObjectHideFlags: 0
  serializedVersion: 2
  m_Modification:
    m_TransformParent: {fileID: 428477070}
    m_Modifications:
    - target: {fileID: 1982205314345556, guid: c9518fddab9921444b82e86f3d8a9eec, type: 3}
      propertyPath: m_Name
      value: LR (2)
      objectReference: {fileID: 0}
    - target: {fileID: 4308900632172778, guid: c9518fddab9921444b82e86f3d8a9eec, type: 3}
      propertyPath: m_RootOrder
      value: 9
      objectReference: {fileID: 0}
    - target: {fileID: 4308900632172778, guid: c9518fddab9921444b82e86f3d8a9eec, type: 3}
      propertyPath: m_LocalPosition.x
      value: -14.830029
      objectReference: {fileID: 0}
    - target: {fileID: 4308900632172778, guid: c9518fddab9921444b82e86f3d8a9eec, type: 3}
      propertyPath: m_LocalPosition.y
      value: 2.2533143
      objectReference: {fileID: 0}
    - target: {fileID: 4308900632172778, guid: c9518fddab9921444b82e86f3d8a9eec, type: 3}
      propertyPath: m_LocalPosition.z
      value: 534.55646
      objectReference: {fileID: 0}
    - target: {fileID: 4308900632172778, guid: c9518fddab9921444b82e86f3d8a9eec, type: 3}
      propertyPath: m_LocalRotation.w
      value: 1
      objectReference: {fileID: 0}
    - target: {fileID: 4308900632172778, guid: c9518fddab9921444b82e86f3d8a9eec, type: 3}
      propertyPath: m_LocalRotation.x
      value: -0
      objectReference: {fileID: 0}
    - target: {fileID: 4308900632172778, guid: c9518fddab9921444b82e86f3d8a9eec, type: 3}
      propertyPath: m_LocalRotation.y
      value: -0
      objectReference: {fileID: 0}
    - target: {fileID: 4308900632172778, guid: c9518fddab9921444b82e86f3d8a9eec, type: 3}
      propertyPath: m_LocalRotation.z
      value: -0
      objectReference: {fileID: 0}
    - target: {fileID: 4308900632172778, guid: c9518fddab9921444b82e86f3d8a9eec, type: 3}
      propertyPath: m_LocalEulerAnglesHint.x
      value: 0
      objectReference: {fileID: 0}
    - target: {fileID: 4308900632172778, guid: c9518fddab9921444b82e86f3d8a9eec, type: 3}
      propertyPath: m_LocalEulerAnglesHint.y
      value: 0
      objectReference: {fileID: 0}
    - target: {fileID: 4308900632172778, guid: c9518fddab9921444b82e86f3d8a9eec, type: 3}
      propertyPath: m_LocalEulerAnglesHint.z
      value: 0
      objectReference: {fileID: 0}
    m_RemovedComponents: []
  m_SourcePrefab: {fileID: 100100000, guid: c9518fddab9921444b82e86f3d8a9eec, type: 3}
--- !u!4 &1901254719 stripped
Transform:
  m_CorrespondingSourceObject: {fileID: 4308900632172778, guid: c9518fddab9921444b82e86f3d8a9eec, type: 3}
  m_PrefabInstance: {fileID: 1901254718}
  m_PrefabAsset: {fileID: 0}
--- !u!1001 &1905194011
PrefabInstance:
  m_ObjectHideFlags: 0
  serializedVersion: 2
  m_Modification:
    m_TransformParent: {fileID: 428477070}
    m_Modifications:
    - target: {fileID: 1915828372064998, guid: 8a1fe1e76eaa4da42ab7a95609601343, type: 3}
      propertyPath: m_Name
      value: L
      objectReference: {fileID: 0}
    - target: {fileID: 4042754870233708, guid: 8a1fe1e76eaa4da42ab7a95609601343, type: 3}
      propertyPath: m_RootOrder
      value: 6
      objectReference: {fileID: 0}
    - target: {fileID: 4042754870233708, guid: 8a1fe1e76eaa4da42ab7a95609601343, type: 3}
      propertyPath: m_LocalPosition.x
      value: 5.1699715
      objectReference: {fileID: 0}
    - target: {fileID: 4042754870233708, guid: 8a1fe1e76eaa4da42ab7a95609601343, type: 3}
      propertyPath: m_LocalPosition.y
      value: 2.2533143
      objectReference: {fileID: 0}
    - target: {fileID: 4042754870233708, guid: 8a1fe1e76eaa4da42ab7a95609601343, type: 3}
      propertyPath: m_LocalPosition.z
      value: 534.55646
      objectReference: {fileID: 0}
    - target: {fileID: 4042754870233708, guid: 8a1fe1e76eaa4da42ab7a95609601343, type: 3}
      propertyPath: m_LocalRotation.w
      value: 1
      objectReference: {fileID: 0}
    - target: {fileID: 4042754870233708, guid: 8a1fe1e76eaa4da42ab7a95609601343, type: 3}
      propertyPath: m_LocalRotation.x
      value: -0
      objectReference: {fileID: 0}
    - target: {fileID: 4042754870233708, guid: 8a1fe1e76eaa4da42ab7a95609601343, type: 3}
      propertyPath: m_LocalRotation.y
      value: -0
      objectReference: {fileID: 0}
    - target: {fileID: 4042754870233708, guid: 8a1fe1e76eaa4da42ab7a95609601343, type: 3}
      propertyPath: m_LocalRotation.z
      value: -0
      objectReference: {fileID: 0}
    - target: {fileID: 4042754870233708, guid: 8a1fe1e76eaa4da42ab7a95609601343, type: 3}
      propertyPath: m_LocalEulerAnglesHint.x
      value: 0
      objectReference: {fileID: 0}
    - target: {fileID: 4042754870233708, guid: 8a1fe1e76eaa4da42ab7a95609601343, type: 3}
      propertyPath: m_LocalEulerAnglesHint.y
      value: 0
      objectReference: {fileID: 0}
    - target: {fileID: 4042754870233708, guid: 8a1fe1e76eaa4da42ab7a95609601343, type: 3}
      propertyPath: m_LocalEulerAnglesHint.z
      value: 0
      objectReference: {fileID: 0}
    - target: {fileID: 114153692388625898, guid: 8a1fe1e76eaa4da42ab7a95609601343, type: 3}
      propertyPath: hasNoEnemies
      value: 1
      objectReference: {fileID: 0}
    m_RemovedComponents: []
  m_SourcePrefab: {fileID: 100100000, guid: 8a1fe1e76eaa4da42ab7a95609601343, type: 3}
--- !u!4 &1905194012 stripped
Transform:
  m_CorrespondingSourceObject: {fileID: 4042754870233708, guid: 8a1fe1e76eaa4da42ab7a95609601343, type: 3}
  m_PrefabInstance: {fileID: 1905194011}
  m_PrefabAsset: {fileID: 0}
--- !u!1001 &1945644660
PrefabInstance:
  m_ObjectHideFlags: 0
  serializedVersion: 2
  m_Modification:
    m_TransformParent: {fileID: 0}
    m_Modifications:
    - target: {fileID: 6394153530567333024, guid: 91fa3c70f0e1a4e408915d11fa9e0924, type: 3}
      propertyPath: m_RootOrder
      value: 1
      objectReference: {fileID: 0}
    - target: {fileID: 6394153530567333024, guid: 91fa3c70f0e1a4e408915d11fa9e0924, type: 3}
      propertyPath: m_LocalPosition.x
      value: -24.997013
      objectReference: {fileID: 0}
    - target: {fileID: 6394153530567333024, guid: 91fa3c70f0e1a4e408915d11fa9e0924, type: 3}
      propertyPath: m_LocalPosition.y
      value: -4.93
      objectReference: {fileID: 0}
    - target: {fileID: 6394153530567333024, guid: 91fa3c70f0e1a4e408915d11fa9e0924, type: 3}
      propertyPath: m_LocalPosition.z
      value: -0.132
      objectReference: {fileID: 0}
    - target: {fileID: 6394153530567333024, guid: 91fa3c70f0e1a4e408915d11fa9e0924, type: 3}
      propertyPath: m_LocalRotation.w
      value: 1
      objectReference: {fileID: 0}
    - target: {fileID: 6394153530567333024, guid: 91fa3c70f0e1a4e408915d11fa9e0924, type: 3}
      propertyPath: m_LocalRotation.x
      value: 0
      objectReference: {fileID: 0}
    - target: {fileID: 6394153530567333024, guid: 91fa3c70f0e1a4e408915d11fa9e0924, type: 3}
      propertyPath: m_LocalRotation.y
      value: 0
      objectReference: {fileID: 0}
    - target: {fileID: 6394153530567333024, guid: 91fa3c70f0e1a4e408915d11fa9e0924, type: 3}
      propertyPath: m_LocalRotation.z
      value: 0
      objectReference: {fileID: 0}
    - target: {fileID: 6394153530567333024, guid: 91fa3c70f0e1a4e408915d11fa9e0924, type: 3}
      propertyPath: m_LocalEulerAnglesHint.x
      value: 0
      objectReference: {fileID: 0}
    - target: {fileID: 6394153530567333024, guid: 91fa3c70f0e1a4e408915d11fa9e0924, type: 3}
      propertyPath: m_LocalEulerAnglesHint.y
      value: 0
      objectReference: {fileID: 0}
    - target: {fileID: 6394153530567333024, guid: 91fa3c70f0e1a4e408915d11fa9e0924, type: 3}
      propertyPath: m_LocalEulerAnglesHint.z
      value: 0
      objectReference: {fileID: 0}
    - target: {fileID: 6394153530567333037, guid: 91fa3c70f0e1a4e408915d11fa9e0924, type: 3}
      propertyPath: m_Name
      value: Health POWERUP
      objectReference: {fileID: 0}
    m_RemovedComponents: []
  m_SourcePrefab: {fileID: 100100000, guid: 91fa3c70f0e1a4e408915d11fa9e0924, type: 3}
--- !u!1001 &2101227788
PrefabInstance:
  m_ObjectHideFlags: 0
  serializedVersion: 2
  m_Modification:
    m_TransformParent: {fileID: 428477070}
    m_Modifications:
    - target: {fileID: 1709453575458850, guid: f19b4cd5436954c41adbd492ce5a8785, type: 3}
      propertyPath: m_Name
      value: TR
      objectReference: {fileID: 0}
    - target: {fileID: 4327155049126624, guid: f19b4cd5436954c41adbd492ce5a8785, type: 3}
      propertyPath: m_RootOrder
      value: 1
      objectReference: {fileID: 0}
    - target: {fileID: 4327155049126624, guid: f19b4cd5436954c41adbd492ce5a8785, type: 3}
      propertyPath: m_LocalPosition.x
      value: -4.8300285
      objectReference: {fileID: 0}
    - target: {fileID: 4327155049126624, guid: f19b4cd5436954c41adbd492ce5a8785, type: 3}
      propertyPath: m_LocalPosition.y
      value: -7.746686
      objectReference: {fileID: 0}
    - target: {fileID: 4327155049126624, guid: f19b4cd5436954c41adbd492ce5a8785, type: 3}
      propertyPath: m_LocalPosition.z
      value: 534.55646
      objectReference: {fileID: 0}
    - target: {fileID: 4327155049126624, guid: f19b4cd5436954c41adbd492ce5a8785, type: 3}
      propertyPath: m_LocalRotation.w
      value: 0.7071068
      objectReference: {fileID: 0}
    - target: {fileID: 4327155049126624, guid: f19b4cd5436954c41adbd492ce5a8785, type: 3}
      propertyPath: m_LocalRotation.x
      value: -0
      objectReference: {fileID: 0}
    - target: {fileID: 4327155049126624, guid: f19b4cd5436954c41adbd492ce5a8785, type: 3}
      propertyPath: m_LocalRotation.y
      value: -0
      objectReference: {fileID: 0}
    - target: {fileID: 4327155049126624, guid: f19b4cd5436954c41adbd492ce5a8785, type: 3}
      propertyPath: m_LocalRotation.z
      value: -0.7071068
      objectReference: {fileID: 0}
    - target: {fileID: 4327155049126624, guid: f19b4cd5436954c41adbd492ce5a8785, type: 3}
      propertyPath: m_LocalEulerAnglesHint.x
      value: 0
      objectReference: {fileID: 0}
    - target: {fileID: 4327155049126624, guid: f19b4cd5436954c41adbd492ce5a8785, type: 3}
      propertyPath: m_LocalEulerAnglesHint.y
      value: 0
      objectReference: {fileID: 0}
    - target: {fileID: 4327155049126624, guid: f19b4cd5436954c41adbd492ce5a8785, type: 3}
      propertyPath: m_LocalEulerAnglesHint.z
      value: -90
      objectReference: {fileID: 0}
    m_RemovedComponents: []
  m_SourcePrefab: {fileID: 100100000, guid: f19b4cd5436954c41adbd492ce5a8785, type: 3}
--- !u!4 &2101227789 stripped
Transform:
  m_CorrespondingSourceObject: {fileID: 4327155049126624, guid: f19b4cd5436954c41adbd492ce5a8785, type: 3}
  m_PrefabInstance: {fileID: 2101227788}
  m_PrefabAsset: {fileID: 0}
--- !u!1001 &2974804323782600391
PrefabInstance:
  m_ObjectHideFlags: 0
  serializedVersion: 2
  m_Modification:
    m_TransformParent: {fileID: 0}
    m_Modifications:
    - target: {fileID: 2974804322046061104, guid: 4a96f305fd79fa74cbaeec62cacb5309, type: 3}
      propertyPath: m_RootOrder
      value: 4
      objectReference: {fileID: 0}
    - target: {fileID: 2974804322046061104, guid: 4a96f305fd79fa74cbaeec62cacb5309, type: 3}
      propertyPath: m_LocalPosition.x
      value: 5
      objectReference: {fileID: 0}
    - target: {fileID: 2974804322046061104, guid: 4a96f305fd79fa74cbaeec62cacb5309, type: 3}
      propertyPath: m_LocalPosition.y
      value: 5
      objectReference: {fileID: 0}
    - target: {fileID: 2974804322046061104, guid: 4a96f305fd79fa74cbaeec62cacb5309, type: 3}
      propertyPath: m_LocalPosition.z
      value: -10.21
      objectReference: {fileID: 0}
    - target: {fileID: 2974804322046061104, guid: 4a96f305fd79fa74cbaeec62cacb5309, type: 3}
      propertyPath: m_LocalRotation.w
      value: 1
      objectReference: {fileID: 0}
    - target: {fileID: 2974804322046061104, guid: 4a96f305fd79fa74cbaeec62cacb5309, type: 3}
      propertyPath: m_LocalRotation.x
      value: 0
      objectReference: {fileID: 0}
    - target: {fileID: 2974804322046061104, guid: 4a96f305fd79fa74cbaeec62cacb5309, type: 3}
      propertyPath: m_LocalRotation.y
      value: 0
      objectReference: {fileID: 0}
    - target: {fileID: 2974804322046061104, guid: 4a96f305fd79fa74cbaeec62cacb5309, type: 3}
      propertyPath: m_LocalRotation.z
      value: 0
      objectReference: {fileID: 0}
    - target: {fileID: 2974804322046061104, guid: 4a96f305fd79fa74cbaeec62cacb5309, type: 3}
      propertyPath: m_LocalEulerAnglesHint.x
      value: 0
      objectReference: {fileID: 0}
    - target: {fileID: 2974804322046061104, guid: 4a96f305fd79fa74cbaeec62cacb5309, type: 3}
      propertyPath: m_LocalEulerAnglesHint.y
      value: 0
      objectReference: {fileID: 0}
    - target: {fileID: 2974804322046061104, guid: 4a96f305fd79fa74cbaeec62cacb5309, type: 3}
      propertyPath: m_LocalEulerAnglesHint.z
      value: 0
      objectReference: {fileID: 0}
    - target: {fileID: 2974804322046061105, guid: 4a96f305fd79fa74cbaeec62cacb5309, type: 3}
      propertyPath: m_Follow
      value: 
      objectReference: {fileID: 1552293345}
    - target: {fileID: 2974804322046061106, guid: 4a96f305fd79fa74cbaeec62cacb5309, type: 3}
      propertyPath: m_Name
      value: CM vcam1
      objectReference: {fileID: 0}
    m_RemovedComponents: []
  m_SourcePrefab: {fileID: 100100000, guid: 4a96f305fd79fa74cbaeec62cacb5309, type: 3}
--- !u!1001 &4231566301162592551
PrefabInstance:
  m_ObjectHideFlags: 0
  serializedVersion: 2
  m_Modification:
    m_TransformParent: {fileID: 0}
    m_Modifications:
    - target: {fileID: 4231566301136085339, guid: 8ec0e95a5fd0a6b4681eb501549e300e, type: 3}
      propertyPath: m_Name
      value: Main Camera
      objectReference: {fileID: 0}
    - target: {fileID: 4231566301136085415, guid: 8ec0e95a5fd0a6b4681eb501549e300e, type: 3}
      propertyPath: m_RootOrder
      value: 0
      objectReference: {fileID: 0}
    - target: {fileID: 4231566301136085415, guid: 8ec0e95a5fd0a6b4681eb501549e300e, type: 3}
      propertyPath: m_LocalPosition.x
      value: 5
      objectReference: {fileID: 0}
    - target: {fileID: 4231566301136085415, guid: 8ec0e95a5fd0a6b4681eb501549e300e, type: 3}
      propertyPath: m_LocalPosition.y
      value: 5
      objectReference: {fileID: 0}
    - target: {fileID: 4231566301136085415, guid: 8ec0e95a5fd0a6b4681eb501549e300e, type: 3}
      propertyPath: m_LocalPosition.z
      value: -10.21
      objectReference: {fileID: 0}
    - target: {fileID: 4231566301136085415, guid: 8ec0e95a5fd0a6b4681eb501549e300e, type: 3}
      propertyPath: m_LocalRotation.w
      value: 1
      objectReference: {fileID: 0}
    - target: {fileID: 4231566301136085415, guid: 8ec0e95a5fd0a6b4681eb501549e300e, type: 3}
      propertyPath: m_LocalRotation.x
      value: 0
      objectReference: {fileID: 0}
    - target: {fileID: 4231566301136085415, guid: 8ec0e95a5fd0a6b4681eb501549e300e, type: 3}
      propertyPath: m_LocalRotation.y
      value: 0
      objectReference: {fileID: 0}
    - target: {fileID: 4231566301136085415, guid: 8ec0e95a5fd0a6b4681eb501549e300e, type: 3}
      propertyPath: m_LocalRotation.z
      value: 0
      objectReference: {fileID: 0}
    - target: {fileID: 4231566301136085415, guid: 8ec0e95a5fd0a6b4681eb501549e300e, type: 3}
      propertyPath: m_LocalEulerAnglesHint.x
      value: -0.4
      objectReference: {fileID: 0}
    - target: {fileID: 4231566301136085415, guid: 8ec0e95a5fd0a6b4681eb501549e300e, type: 3}
      propertyPath: m_LocalEulerAnglesHint.y
      value: 0
      objectReference: {fileID: 0}
    - target: {fileID: 4231566301136085415, guid: 8ec0e95a5fd0a6b4681eb501549e300e, type: 3}
      propertyPath: m_LocalEulerAnglesHint.z
      value: 0
      objectReference: {fileID: 0}
    m_RemovedComponents: []
  m_SourcePrefab: {fileID: 100100000, guid: 8ec0e95a5fd0a6b4681eb501549e300e, type: 3}
--- !u!1001 &4669727469414917935
PrefabInstance:
  m_ObjectHideFlags: 0
  serializedVersion: 2
  m_Modification:
    m_TransformParent: {fileID: 0}
    m_Modifications:
    - target: {fileID: 4669727469650968343, guid: a2effa012cfcb944e9dbb1fe31e8f18d, type: 3}
      propertyPath: m_RootOrder
      value: 9
      objectReference: {fileID: 0}
    - target: {fileID: 4669727469650968343, guid: a2effa012cfcb944e9dbb1fe31e8f18d, type: 3}
      propertyPath: m_LocalPosition.x
      value: 0
      objectReference: {fileID: 0}
    - target: {fileID: 4669727469650968343, guid: a2effa012cfcb944e9dbb1fe31e8f18d, type: 3}
      propertyPath: m_LocalPosition.y
      value: 0
      objectReference: {fileID: 0}
    - target: {fileID: 4669727469650968343, guid: a2effa012cfcb944e9dbb1fe31e8f18d, type: 3}
      propertyPath: m_LocalPosition.z
      value: 0
      objectReference: {fileID: 0}
    - target: {fileID: 4669727469650968343, guid: a2effa012cfcb944e9dbb1fe31e8f18d, type: 3}
      propertyPath: m_LocalRotation.w
      value: 1
      objectReference: {fileID: 0}
    - target: {fileID: 4669727469650968343, guid: a2effa012cfcb944e9dbb1fe31e8f18d, type: 3}
      propertyPath: m_LocalRotation.x
      value: 0
      objectReference: {fileID: 0}
    - target: {fileID: 4669727469650968343, guid: a2effa012cfcb944e9dbb1fe31e8f18d, type: 3}
      propertyPath: m_LocalRotation.y
      value: 0
      objectReference: {fileID: 0}
    - target: {fileID: 4669727469650968343, guid: a2effa012cfcb944e9dbb1fe31e8f18d, type: 3}
      propertyPath: m_LocalRotation.z
      value: 0
      objectReference: {fileID: 0}
    - target: {fileID: 4669727469650968343, guid: a2effa012cfcb944e9dbb1fe31e8f18d, type: 3}
      propertyPath: m_LocalEulerAnglesHint.x
      value: 0
      objectReference: {fileID: 0}
    - target: {fileID: 4669727469650968343, guid: a2effa012cfcb944e9dbb1fe31e8f18d, type: 3}
      propertyPath: m_LocalEulerAnglesHint.y
      value: 0
      objectReference: {fileID: 0}
    - target: {fileID: 4669727469650968343, guid: a2effa012cfcb944e9dbb1fe31e8f18d, type: 3}
      propertyPath: m_LocalEulerAnglesHint.z
      value: 0
      objectReference: {fileID: 0}
    - target: {fileID: 4669727469650968346, guid: a2effa012cfcb944e9dbb1fe31e8f18d, type: 3}
      propertyPath: m_Name
      value: EventSystem
      objectReference: {fileID: 0}
    m_RemovedComponents: []
  m_SourcePrefab: {fileID: 100100000, guid: a2effa012cfcb944e9dbb1fe31e8f18d, type: 3}
--- !u!1001 &4918787786118041312
PrefabInstance:
  m_ObjectHideFlags: 0
  serializedVersion: 2
  m_Modification:
    m_TransformParent: {fileID: 0}
    m_Modifications:
    - target: {fileID: 4918787786433572249, guid: 80adf6a0c8cc4d94e951561cf86a37dc, type: 3}
      propertyPath: m_Name
      value: Game Manager
      objectReference: {fileID: 0}
    - target: {fileID: 4918787786433572250, guid: 80adf6a0c8cc4d94e951561cf86a37dc, type: 3}
      propertyPath: m_RootOrder
      value: 5
      objectReference: {fileID: 0}
    - target: {fileID: 4918787786433572250, guid: 80adf6a0c8cc4d94e951561cf86a37dc, type: 3}
      propertyPath: m_LocalPosition.x
      value: -4.076372
      objectReference: {fileID: 0}
    - target: {fileID: 4918787786433572250, guid: 80adf6a0c8cc4d94e951561cf86a37dc, type: 3}
      propertyPath: m_LocalPosition.y
      value: -6.4709044
      objectReference: {fileID: 0}
    - target: {fileID: 4918787786433572250, guid: 80adf6a0c8cc4d94e951561cf86a37dc, type: 3}
      propertyPath: m_LocalPosition.z
      value: -218.1775
      objectReference: {fileID: 0}
    - target: {fileID: 4918787786433572250, guid: 80adf6a0c8cc4d94e951561cf86a37dc, type: 3}
      propertyPath: m_LocalRotation.w
      value: 1
      objectReference: {fileID: 0}
    - target: {fileID: 4918787786433572250, guid: 80adf6a0c8cc4d94e951561cf86a37dc, type: 3}
      propertyPath: m_LocalRotation.x
      value: 0
      objectReference: {fileID: 0}
    - target: {fileID: 4918787786433572250, guid: 80adf6a0c8cc4d94e951561cf86a37dc, type: 3}
      propertyPath: m_LocalRotation.y
      value: 0
      objectReference: {fileID: 0}
    - target: {fileID: 4918787786433572250, guid: 80adf6a0c8cc4d94e951561cf86a37dc, type: 3}
      propertyPath: m_LocalRotation.z
      value: 0
      objectReference: {fileID: 0}
    - target: {fileID: 4918787786433572250, guid: 80adf6a0c8cc4d94e951561cf86a37dc, type: 3}
      propertyPath: m_LocalEulerAnglesHint.x
      value: 0
      objectReference: {fileID: 0}
    - target: {fileID: 4918787786433572250, guid: 80adf6a0c8cc4d94e951561cf86a37dc, type: 3}
      propertyPath: m_LocalEulerAnglesHint.y
      value: 0
      objectReference: {fileID: 0}
    - target: {fileID: 4918787786433572250, guid: 80adf6a0c8cc4d94e951561cf86a37dc, type: 3}
      propertyPath: m_LocalEulerAnglesHint.z
      value: 0
      objectReference: {fileID: 0}
    - target: {fileID: 4918787786433572252, guid: 80adf6a0c8cc4d94e951561cf86a37dc, type: 3}
      propertyPath: m_Enabled
      value: 1
      objectReference: {fileID: 0}
    m_RemovedComponents: []
  m_SourcePrefab: {fileID: 100100000, guid: 80adf6a0c8cc4d94e951561cf86a37dc, type: 3}
--- !u!1001 &6039193553927840718
PrefabInstance:
  m_ObjectHideFlags: 0
  serializedVersion: 2
  m_Modification:
    m_TransformParent: {fileID: 0}
    m_Modifications:
    - target: {fileID: 1227411636, guid: 0e63d3fa001cdcb4ca5380366fb9e120, type: 3}
      propertyPath: m_IsActive
      value: 0
      objectReference: {fileID: 0}
    - target: {fileID: 3269208035694691882, guid: 0e63d3fa001cdcb4ca5380366fb9e120, type: 3}
      propertyPath: m_AnchoredPosition.x
      value: -688
      objectReference: {fileID: 0}
    - target: {fileID: 3508545887036899749, guid: 0e63d3fa001cdcb4ca5380366fb9e120, type: 3}
      propertyPath: m_AnchorMax.x
      value: 0
      objectReference: {fileID: 0}
    - target: {fileID: 3508545887036899749, guid: 0e63d3fa001cdcb4ca5380366fb9e120, type: 3}
      propertyPath: m_AnchorMax.y
      value: 0
      objectReference: {fileID: 0}
    - target: {fileID: 3508545887088087665, guid: 0e63d3fa001cdcb4ca5380366fb9e120, type: 3}
      propertyPath: m_Pivot.x
      value: 0
      objectReference: {fileID: 0}
    - target: {fileID: 3508545887088087665, guid: 0e63d3fa001cdcb4ca5380366fb9e120, type: 3}
      propertyPath: m_Pivot.y
      value: 0
      objectReference: {fileID: 0}
    - target: {fileID: 3508545887088087665, guid: 0e63d3fa001cdcb4ca5380366fb9e120, type: 3}
      propertyPath: m_RootOrder
      value: 11
      objectReference: {fileID: 0}
    - target: {fileID: 3508545887088087665, guid: 0e63d3fa001cdcb4ca5380366fb9e120, type: 3}
      propertyPath: m_AnchorMax.x
      value: 0
      objectReference: {fileID: 0}
    - target: {fileID: 3508545887088087665, guid: 0e63d3fa001cdcb4ca5380366fb9e120, type: 3}
      propertyPath: m_AnchorMax.y
      value: 0
      objectReference: {fileID: 0}
    - target: {fileID: 3508545887088087665, guid: 0e63d3fa001cdcb4ca5380366fb9e120, type: 3}
      propertyPath: m_AnchorMin.x
      value: 0
      objectReference: {fileID: 0}
    - target: {fileID: 3508545887088087665, guid: 0e63d3fa001cdcb4ca5380366fb9e120, type: 3}
      propertyPath: m_AnchorMin.y
      value: 0
      objectReference: {fileID: 0}
    - target: {fileID: 3508545887088087665, guid: 0e63d3fa001cdcb4ca5380366fb9e120, type: 3}
      propertyPath: m_SizeDelta.x
      value: 0
      objectReference: {fileID: 0}
    - target: {fileID: 3508545887088087665, guid: 0e63d3fa001cdcb4ca5380366fb9e120, type: 3}
      propertyPath: m_SizeDelta.y
      value: 0
      objectReference: {fileID: 0}
    - target: {fileID: 3508545887088087665, guid: 0e63d3fa001cdcb4ca5380366fb9e120, type: 3}
      propertyPath: m_LocalPosition.x
      value: 0
      objectReference: {fileID: 0}
    - target: {fileID: 3508545887088087665, guid: 0e63d3fa001cdcb4ca5380366fb9e120, type: 3}
      propertyPath: m_LocalPosition.y
      value: 0
      objectReference: {fileID: 0}
    - target: {fileID: 3508545887088087665, guid: 0e63d3fa001cdcb4ca5380366fb9e120, type: 3}
      propertyPath: m_LocalPosition.z
      value: 0
      objectReference: {fileID: 0}
    - target: {fileID: 3508545887088087665, guid: 0e63d3fa001cdcb4ca5380366fb9e120, type: 3}
      propertyPath: m_LocalRotation.w
      value: 1
      objectReference: {fileID: 0}
    - target: {fileID: 3508545887088087665, guid: 0e63d3fa001cdcb4ca5380366fb9e120, type: 3}
      propertyPath: m_LocalRotation.x
      value: 0
      objectReference: {fileID: 0}
    - target: {fileID: 3508545887088087665, guid: 0e63d3fa001cdcb4ca5380366fb9e120, type: 3}
      propertyPath: m_LocalRotation.y
      value: 0
      objectReference: {fileID: 0}
    - target: {fileID: 3508545887088087665, guid: 0e63d3fa001cdcb4ca5380366fb9e120, type: 3}
      propertyPath: m_LocalRotation.z
      value: 0
      objectReference: {fileID: 0}
    - target: {fileID: 3508545887088087665, guid: 0e63d3fa001cdcb4ca5380366fb9e120, type: 3}
      propertyPath: m_AnchoredPosition.x
      value: 0
      objectReference: {fileID: 0}
    - target: {fileID: 3508545887088087665, guid: 0e63d3fa001cdcb4ca5380366fb9e120, type: 3}
      propertyPath: m_AnchoredPosition.y
      value: 0
      objectReference: {fileID: 0}
    - target: {fileID: 3508545887088087665, guid: 0e63d3fa001cdcb4ca5380366fb9e120, type: 3}
      propertyPath: m_LocalEulerAnglesHint.x
      value: 0
      objectReference: {fileID: 0}
    - target: {fileID: 3508545887088087665, guid: 0e63d3fa001cdcb4ca5380366fb9e120, type: 3}
      propertyPath: m_LocalEulerAnglesHint.y
      value: 0
      objectReference: {fileID: 0}
    - target: {fileID: 3508545887088087665, guid: 0e63d3fa001cdcb4ca5380366fb9e120, type: 3}
      propertyPath: m_LocalEulerAnglesHint.z
      value: 0
      objectReference: {fileID: 0}
    - target: {fileID: 3508545887088087677, guid: 0e63d3fa001cdcb4ca5380366fb9e120, type: 3}
      propertyPath: m_Name
      value: Game UI
      objectReference: {fileID: 0}
    - target: {fileID: 3508545887383852201, guid: 0e63d3fa001cdcb4ca5380366fb9e120, type: 3}
      propertyPath: m_IsActive
      value: 0
      objectReference: {fileID: 0}
    - target: {fileID: 3508545887441056567, guid: 0e63d3fa001cdcb4ca5380366fb9e120, type: 3}
      propertyPath: m_AnchorMax.x
      value: 0
      objectReference: {fileID: 0}
    - target: {fileID: 3508545887441056567, guid: 0e63d3fa001cdcb4ca5380366fb9e120, type: 3}
      propertyPath: m_AnchorMax.y
      value: 0
      objectReference: {fileID: 0}
    - target: {fileID: 3508545887441056567, guid: 0e63d3fa001cdcb4ca5380366fb9e120, type: 3}
      propertyPath: m_AnchorMin.x
      value: 0
      objectReference: {fileID: 0}
    - target: {fileID: 7807354916933702829, guid: 0e63d3fa001cdcb4ca5380366fb9e120, type: 3}
      propertyPath: m_AnchoredPosition.x
      value: -670
      objectReference: {fileID: 0}
    - target: {fileID: 7807354916933702829, guid: 0e63d3fa001cdcb4ca5380366fb9e120, type: 3}
      propertyPath: m_AnchoredPosition.y
      value: -252
      objectReference: {fileID: 0}
    m_RemovedComponents: []
  m_SourcePrefab: {fileID: 100100000, guid: 0e63d3fa001cdcb4ca5380366fb9e120, type: 3}
--- !u!1 &6039193553927840719 stripped
GameObject:
  m_CorrespondingSourceObject: {fileID: 3508545888169236523, guid: 0e63d3fa001cdcb4ca5380366fb9e120, type: 3}
  m_PrefabInstance: {fileID: 6039193553927840718}
  m_PrefabAsset: {fileID: 0}
--- !u!1001 &6137186605693533440
PrefabInstance:
  m_ObjectHideFlags: 0
  serializedVersion: 2
  m_Modification:
    m_TransformParent: {fileID: 0}
    m_Modifications:
    - target: {fileID: 6137186605351120476, guid: fdb32c8003c219849ad1270d15ed9444, type: 3}
      propertyPath: m_Name
      value: Debug Light
      objectReference: {fileID: 0}
    - target: {fileID: 6137186605351120476, guid: fdb32c8003c219849ad1270d15ed9444, type: 3}
      propertyPath: m_IsActive
      value: 0
      objectReference: {fileID: 0}
    - target: {fileID: 6137186605351120478, guid: fdb32c8003c219849ad1270d15ed9444, type: 3}
      propertyPath: m_RootOrder
      value: 8
      objectReference: {fileID: 0}
    - target: {fileID: 6137186605351120478, guid: fdb32c8003c219849ad1270d15ed9444, type: 3}
      propertyPath: m_LocalPosition.x
      value: 6.112729
      objectReference: {fileID: 0}
    - target: {fileID: 6137186605351120478, guid: fdb32c8003c219849ad1270d15ed9444, type: 3}
      propertyPath: m_LocalPosition.y
      value: 3.7834492
      objectReference: {fileID: 0}
    - target: {fileID: 6137186605351120478, guid: fdb32c8003c219849ad1270d15ed9444, type: 3}
      propertyPath: m_LocalPosition.z
      value: 0
      objectReference: {fileID: 0}
    - target: {fileID: 6137186605351120478, guid: fdb32c8003c219849ad1270d15ed9444, type: 3}
      propertyPath: m_LocalRotation.w
      value: 1
      objectReference: {fileID: 0}
    - target: {fileID: 6137186605351120478, guid: fdb32c8003c219849ad1270d15ed9444, type: 3}
      propertyPath: m_LocalRotation.x
      value: 0
      objectReference: {fileID: 0}
    - target: {fileID: 6137186605351120478, guid: fdb32c8003c219849ad1270d15ed9444, type: 3}
      propertyPath: m_LocalRotation.y
      value: 0
      objectReference: {fileID: 0}
    - target: {fileID: 6137186605351120478, guid: fdb32c8003c219849ad1270d15ed9444, type: 3}
      propertyPath: m_LocalRotation.z
      value: 0
      objectReference: {fileID: 0}
    - target: {fileID: 6137186605351120478, guid: fdb32c8003c219849ad1270d15ed9444, type: 3}
      propertyPath: m_LocalEulerAnglesHint.x
      value: 0
      objectReference: {fileID: 0}
    - target: {fileID: 6137186605351120478, guid: fdb32c8003c219849ad1270d15ed9444, type: 3}
      propertyPath: m_LocalEulerAnglesHint.y
      value: 0
      objectReference: {fileID: 0}
    - target: {fileID: 6137186605351120478, guid: fdb32c8003c219849ad1270d15ed9444, type: 3}
      propertyPath: m_LocalEulerAnglesHint.z
      value: 0
      objectReference: {fileID: 0}
    m_RemovedComponents: []
  m_SourcePrefab: {fileID: 100100000, guid: fdb32c8003c219849ad1270d15ed9444, type: 3}
--- !u!1001 &6936822086541461461
PrefabInstance:
  m_ObjectHideFlags: 0
  serializedVersion: 2
  m_Modification:
    m_TransformParent: {fileID: 0}
    m_Modifications:
    - target: {fileID: 6936822085785322224, guid: db6741e1fee2aff44b32d3879c38ce24, type: 3}
      propertyPath: m_Name
      value: Light 2D
      objectReference: {fileID: 0}
    - target: {fileID: 6936822085785322226, guid: db6741e1fee2aff44b32d3879c38ce24, type: 3}
      propertyPath: m_RootOrder
      value: 7
      objectReference: {fileID: 0}
    - target: {fileID: 6936822085785322226, guid: db6741e1fee2aff44b32d3879c38ce24, type: 3}
      propertyPath: m_LocalPosition.x
      value: 6.112729
      objectReference: {fileID: 0}
    - target: {fileID: 6936822085785322226, guid: db6741e1fee2aff44b32d3879c38ce24, type: 3}
      propertyPath: m_LocalPosition.y
      value: 3.7834492
      objectReference: {fileID: 0}
    - target: {fileID: 6936822085785322226, guid: db6741e1fee2aff44b32d3879c38ce24, type: 3}
      propertyPath: m_LocalPosition.z
      value: 0
      objectReference: {fileID: 0}
    - target: {fileID: 6936822085785322226, guid: db6741e1fee2aff44b32d3879c38ce24, type: 3}
      propertyPath: m_LocalRotation.w
      value: 1
      objectReference: {fileID: 0}
    - target: {fileID: 6936822085785322226, guid: db6741e1fee2aff44b32d3879c38ce24, type: 3}
      propertyPath: m_LocalRotation.x
      value: 0
      objectReference: {fileID: 0}
    - target: {fileID: 6936822085785322226, guid: db6741e1fee2aff44b32d3879c38ce24, type: 3}
      propertyPath: m_LocalRotation.y
      value: 0
      objectReference: {fileID: 0}
    - target: {fileID: 6936822085785322226, guid: db6741e1fee2aff44b32d3879c38ce24, type: 3}
      propertyPath: m_LocalRotation.z
      value: 0
      objectReference: {fileID: 0}
    - target: {fileID: 6936822085785322226, guid: db6741e1fee2aff44b32d3879c38ce24, type: 3}
      propertyPath: m_LocalEulerAnglesHint.x
      value: 0
      objectReference: {fileID: 0}
    - target: {fileID: 6936822085785322226, guid: db6741e1fee2aff44b32d3879c38ce24, type: 3}
      propertyPath: m_LocalEulerAnglesHint.y
      value: 0
      objectReference: {fileID: 0}
    - target: {fileID: 6936822085785322226, guid: db6741e1fee2aff44b32d3879c38ce24, type: 3}
      propertyPath: m_LocalEulerAnglesHint.z
      value: 0
      objectReference: {fileID: 0}
    m_RemovedComponents: []
  m_SourcePrefab: {fileID: 100100000, guid: db6741e1fee2aff44b32d3879c38ce24, type: 3}
--- !u!1001 &8221835769239395526
PrefabInstance:
  m_ObjectHideFlags: 0
  serializedVersion: 2
  m_Modification:
    m_TransformParent: {fileID: 0}
    m_Modifications:
    - target: {fileID: 7520071864361393601, guid: ef5f1992e3de268438e37335eed386c8, type: 3}
      propertyPath: healthUI
      value: 
      objectReference: {fileID: 6039193553927840719}
    - target: {fileID: 8221835770522714392, guid: ef5f1992e3de268438e37335eed386c8, type: 3}
      propertyPath: m_RootOrder
      value: 3
      objectReference: {fileID: 0}
    - target: {fileID: 8221835770522714392, guid: ef5f1992e3de268438e37335eed386c8, type: 3}
      propertyPath: m_LocalPosition.x
      value: 5
      objectReference: {fileID: 0}
    - target: {fileID: 8221835770522714392, guid: ef5f1992e3de268438e37335eed386c8, type: 3}
      propertyPath: m_LocalPosition.y
      value: 5
      objectReference: {fileID: 0}
    - target: {fileID: 8221835770522714392, guid: ef5f1992e3de268438e37335eed386c8, type: 3}
      propertyPath: m_LocalPosition.z
      value: -0.26
      objectReference: {fileID: 0}
    - target: {fileID: 8221835770522714392, guid: ef5f1992e3de268438e37335eed386c8, type: 3}
      propertyPath: m_LocalRotation.w
      value: 1
      objectReference: {fileID: 0}
    - target: {fileID: 8221835770522714392, guid: ef5f1992e3de268438e37335eed386c8, type: 3}
      propertyPath: m_LocalRotation.x
      value: 0
      objectReference: {fileID: 0}
    - target: {fileID: 8221835770522714392, guid: ef5f1992e3de268438e37335eed386c8, type: 3}
      propertyPath: m_LocalRotation.y
      value: 0
      objectReference: {fileID: 0}
    - target: {fileID: 8221835770522714392, guid: ef5f1992e3de268438e37335eed386c8, type: 3}
      propertyPath: m_LocalRotation.z
      value: 0
      objectReference: {fileID: 0}
    - target: {fileID: 8221835770522714392, guid: ef5f1992e3de268438e37335eed386c8, type: 3}
      propertyPath: m_LocalEulerAnglesHint.x
      value: 0
      objectReference: {fileID: 0}
    - target: {fileID: 8221835770522714392, guid: ef5f1992e3de268438e37335eed386c8, type: 3}
      propertyPath: m_LocalEulerAnglesHint.y
      value: 0
      objectReference: {fileID: 0}
    - target: {fileID: 8221835770522714392, guid: ef5f1992e3de268438e37335eed386c8, type: 3}
      propertyPath: m_LocalEulerAnglesHint.z
      value: 0
      objectReference: {fileID: 0}
    - target: {fileID: 8221835770522714394, guid: ef5f1992e3de268438e37335eed386c8, type: 3}
      propertyPath: m_Name
      value: Player
      objectReference: {fileID: 0}
    m_RemovedComponents: []
  m_SourcePrefab: {fileID: 100100000, guid: ef5f1992e3de268438e37335eed386c8, type: 3}
